<?xml version="1.0" encoding="utf-8"?>
<record xmlns="http://www.loc.gov/MARC21/slim" xmlns:xsi="http://www.w3.org/2001/XMLSchema-instance" xsi:schemaLocation="http://www.loc.gov/MARC21/slim http://www.loc.gov/standards/marcxml/schema/MARC21slim.xsd">
	<leader>     nam a22     Mi 4500</leader>
	<controlfield tag="001">b12997614</controlfield>
	<controlfield tag="003">UaCaAUL</controlfield>
	<controlfield tag="006">m        d        </controlfield>
	<controlfield tag="007">cr cn |||m|||a</controlfield>
	<controlfield tag="008">180411s1952    ua      ob    000 0 ara d</controlfield>
	<datafield ind1=" " ind2=" " tag="040">
		<subfield code="a">ZYU</subfield>
		<subfield code="b">eng</subfield>
		<subfield code="e">rda</subfield>
		<subfield code="c">ZYU</subfield>
	</datafield>
	<datafield ind1="0" ind2="0" tag="050">
		<subfield code="a">B751.R63</subfield>
		<subfield code="b">A3</subfield>
	</datafield>
	<datafield ind1=" " ind2=" " tag="090">
		<subfield code="a">B751.R63</subfield>
		<subfield code="b">A5 1952</subfield>
	</datafield>
	<datafield ind1="1" ind2=" " tag="100">
		<subfield code="6">880-01</subfield>
		<subfield code="a">Amīn, Aḥmad,</subfield>
		<subfield code="d">1886-1954,</subfield>
		<subfield code="e">editor.</subfield>
	</datafield>
	<datafield ind1="1" ind2="0" tag="245">
		<subfield code="6">880-02</subfield>
		<subfield code="a">Ḥayy ibn Yaqẓān li-Ibn Sīnā, wa-Ibn Ṭufayl, wa-al-Suhrawardī  /</subfield>
		<subfield code="c">taḥqīq wa-taʻlīq Aḥmad Amīn.</subfield>
	</datafield>
	<datafield ind1=" " ind2="1" tag="264">
		<subfield code="6">880-03</subfield>
		<subfield code="a">Miṣr :</subfield>
		<subfield code="b">Dār al-Maʻārif,</subfield>
		<subfield code="c">[1952]</subfield>
	</datafield>
	<datafield ind1=" " ind2=" " tag="300">
		<subfield code="a">online resource (138 pages)</subfield>
	</datafield>
	<datafield ind1=" " ind2=" " tag="336">
		<subfield code="a">text</subfield>
		<subfield code="2">rdacontent</subfield>
	</datafield>
	<datafield ind1=" " ind2=" " tag="337">
		<subfield code="a">computer</subfield>
		<subfield code="2">rdamedia</subfield>
	</datafield>
	<datafield ind1=" " ind2=" " tag="338">
		<subfield code="a">online resource</subfield>
		<subfield code="2">rdacarrier</subfield>
	</datafield>
	<datafield ind1="1" ind2=" " tag="490">
		<subfield code="6">880-04</subfield>
		<subfield code="a">Dhakhāʼir al-ʻArab ;</subfield>
		<subfield code="v">8</subfield>
	</datafield>
	<datafield ind1=" " ind2=" " tag="500">
		<subfield code="a">Part of the Arabic Collections Online (ACO) project, contributed by American University in Cairo Library.</subfield>
	</datafield>
	<datafield ind1=" " ind2=" " tag="504">
		<subfield code="a">Includes bibliographical references.</subfield>
	</datafield>
	<datafield ind1=" " ind2=" " tag="500">
		<subfield code="a">Non-Latin script record.</subfield>
	</datafield>
	<datafield ind1=" " ind2=" " tag="533">
		<subfield code="a">Electronic reproduction.</subfield>
		<subfield code="b">New York, N.Y. :</subfield>
		<subfield code="c">New York University,</subfield>
		<subfield code="d">2018.</subfield>
		<subfield code="5">NNU</subfield>
	</datafield>
	<datafield ind1=" " ind2="0" tag="650">
		<subfield code="a">Islamic philosophy</subfield>
		<subfield code="v">Early works to 1800.</subfield>
	</datafield>
	<datafield ind1="0" ind2="0" tag="600">
		<subfield code="6">880-05</subfield>
		<subfield code="a">Avicenna,</subfield>
		<subfield code="d">980-1037.</subfield>
		<subfield code="t">Risālat Ḥayy ibn Yaqẓān.</subfield>
	</datafield>
	<datafield ind1="1" ind2="0" tag="600">
		<subfield code="6">880-06</subfield>
		<subfield code="a">Ibn Ṭufayl, Muḥammad ibn ʻAbd al-Malik,</subfield>
		<subfield code="d">-1185.</subfield>
		<subfield code="t">Risālat Ḥayy ibn Yaqẓān.</subfield>
	</datafield>
	<datafield ind1="1" ind2="0" tag="600">
		<subfield code="6">880-07</subfield>
		<subfield code="a">Suhrawardī, Yaḥyá ibn Ḥabash,</subfield>
		<subfield code="d">1152 or 1153-1191.</subfield>
		<subfield code="t">Risālat Ḥayy ibn Yaqẓān.</subfield>
	</datafield>
	<datafield ind1="0" ind2=" " tag="700">
		<subfield code="6">880-08</subfield>
		<subfield code="a">Avicenna,</subfield>
		<subfield code="d">980-1037.</subfield>
		<subfield code="t">Risālat Ḥayy ibn Yaqẓān.</subfield>
	</datafield>
	<datafield ind1="1" ind2=" " tag="700">
		<subfield code="6">880-09</subfield>
		<subfield code="a">Ibn Ṭufayl, Muḥammad ibn ʻAbd al-Malik,</subfield>
		<subfield code="d">-1185.</subfield>
		<subfield code="t">Risālat Ḥayy ibn Yaqẓān.</subfield>
	</datafield>
	<datafield ind1="1" ind2=" " tag="700">
		<subfield code="6">880-10</subfield>
		<subfield code="a">Suhrawardī, Yaḥyá ibn Ḥabash,</subfield>
		<subfield code="d">1152 or 1153-1191.</subfield>
		<subfield code="t">Risālat Ḥayy ibn Yaqẓān.</subfield>
	</datafield>
	<datafield ind1="2" ind2=" " tag="710">
		<subfield code="a">American University in Cairo.</subfield>
		<subfield code="b">Library.</subfield>
	</datafield>
	<datafield ind1="0" ind2=" " tag="730">
		<subfield code="a">Arabic Collections Online.</subfield>
	</datafield>
	<datafield ind1="0" ind2="8" tag="776">
		<subfield code="i">Print version:</subfield>
		<subfield code="a">Amīn, Aḥmad, 1886-1954, editor.</subfield>
		<subfield code="t">Ḥayy ibn Yaqẓān li-Ibn Sīnā, wa-Ibn Ṭufayl, wa-al-Suhrawardī</subfield>
		<subfield code="w">(UaCaAUL)b12997614</subfield>
		<subfield code="w">(DLC)   60032290 </subfield>
	</datafield>
	<datafield ind1=" " ind2="0" tag="830">
		<subfield code="6">880-11</subfield>
		<subfield code="a">Dhakhāʼir al-ʻArab ;</subfield>
		<subfield code="v">8.</subfield>
	</datafield>
	<datafield ind1="4" ind2="0" tag="856">
		<subfield code="u">http://hdl.handle.net/2333.1/612jmcnn</subfield>
	</datafield>
	<datafield ind1="1" ind2=" " tag="880">
		<subfield code="6">100-01</subfield>
		<subfield code="a">أمين، أحمد،</subfield>
		<subfield code="d">1886-1954.</subfield>
	</datafield>
	<datafield ind1="1" ind2="0" tag="880">
		<subfield code="6">245-02</subfield>
		<subfield code="a">حي بن يقظان لإبن سينا، وابن طفيل، والسهروردي  /</subfield>
		<subfield code="c">تحقيق وتعليق أحمد أمين.</subfield>
	</datafield>
	<datafield ind1=" " ind2="1" tag="880">
		<subfield code="6">264-03</subfield>
		<subfield code="a">مصر :</subfield>
		<subfield code="b">دار المعارف،</subfield>
		<subfield code="c">[1952]</subfield>
	</datafield>
	<datafield ind1="1" ind2=" " tag="880">
		<subfield code="6">490-04</subfield>
		<subfield code="a">ذخائر العرب ؛</subfield>
		<subfield code="v">8</subfield>
	</datafield>
	<datafield ind1="0" ind2="4" tag="880">
		<subfield code="6">600-05</subfield>
		<subfield code="a">ابن سنا،،</subfield>
		<subfield code="d">980-1037.</subfield>
		<subfield code="t">رسالة حي بن يقظان..</subfield>
	</datafield>
	<datafield ind1="1" ind2="0" tag="880">
		<subfield code="6">600-06</subfield>
		<subfield code="a">ابن طفيل، محمد بن عبد الملك،</subfield>
		<subfield code="d">-1185.</subfield>
		<subfield code="t">رسالة حي بن يقظان.</subfield>
	</datafield>
	<datafield ind1="1" ind2="0" tag="880">
		<subfield code="6">600-07</subfield>
		<subfield code="a">سهروردي، يحيى بن حبش،</subfield>
		<subfield code="d">d. 1152 or 1153-1191.</subfield>
		<subfield code="t">رسالة حي بن يقظان.</subfield>
	</datafield>
	<datafield ind1="0" ind2=" " tag="880">
		<subfield code="6">700-08</subfield>
		<subfield code="a">ابن سنا،،</subfield>
		<subfield code="d">980-1037.</subfield>
		<subfield code="t">رسالة حي بن يقظان.</subfield>
	</datafield>
	<datafield ind1="1" ind2=" " tag="880">
		<subfield code="6">700-09</subfield>
		<subfield code="a">ابن طفيل، محمد بن عبد الملك،،</subfield>
		<subfield code="d">-1185.</subfield>
		<subfield code="t">رسالة حي بن يقظان.</subfield>
	</datafield>
	<datafield ind1="1" ind2=" " tag="880">
		<subfield code="6">700-10</subfield>
		<subfield code="a">سهروردي، يحيى بن حبش،،</subfield>
		<subfield code="d">d. 1152 or 1153-1191.</subfield>
		<subfield code="t">رسالة حي بن يقظان.</subfield>
	</datafield>
	<datafield ind1=" " ind2="0" tag="880">
		<subfield code="6">830-11</subfield>
		<subfield code="a">ذخائر العرب ؛</subfield>
		<subfield code="v">8.</subfield>
	</datafield>
	<datafield ind1=" " ind2=" " tag="902">
		<subfield code="a">170207</subfield>
	</datafield>
	<datafield ind1=" " ind2=" " tag="959">
		<subfield code="a">NNU</subfield>
		<subfield code="b">WEB</subfield>
		<subfield code="c">GENI</subfield>
		<subfield code="t">0</subfield>
		<subfield code="m">Electronic access</subfield>
		<subfield code="s">01</subfield>
	</datafield>
	<datafield ind1=" " ind2=" " tag="999">
		<subfield code="i">UaCaAUL_b12997614</subfield>
		<subfield code="s">auc_aco000064</subfield>
		<subfield code="s">auc_aco000064</subfield>
	</datafield>
</record>
